<record><leader>00000cas a22000007a 4500</leader><controlfield tag="001">21509484</controlfield><controlfield tag="008">900511d19281972mauwr ne      0    0eng d</controlfield><datafield ind1=" " ind2=" " tag="010"><subfield code="a">sn 89062351 </subfield></datafield><datafield ind1=" " ind2=" " tag="040"><subfield code="a">MGN</subfield><subfield code="b">eng</subfield><subfield code="c">MGN</subfield><subfield code="d">OCL</subfield><subfield code="d">OCLCQ</subfield></datafield><datafield ind1=" " ind2=" " tag="042"><subfield code="a">msc</subfield></datafield><datafield ind1="0" ind2="0" tag="245"><subfield code="a">Pepperell free press.</subfield></datafield><datafield ind1=" " ind2=" " tag="260"><subfield code="a">[East Pepperell] Pepperell, Mass. :</subfield><subfield code="b">Free Press Pub. Co.</subfield></datafield><datafield ind1=" " ind2=" " tag="300"><subfield code="a">v.</subfield></datafield><datafield ind1=" " ind2=" " tag="310"><subfield code="a">Weekly</subfield></datafield><datafield ind1="0" ind2=" " tag="362"><subfield code="a">Vol. 1, no. 1 (Nov. 1, 1928)-v. 34, no. 5 (Jan. 13, 1972).</subfield></datafield><datafield ind1=" " ind2=" " tag="752"><subfield code="a">United States</subfield><subfield code="b">Massachusetts</subfield><subfield code="c">Middlesex</subfield><subfield code="d">Pepperell.</subfield></datafield><datafield ind1="0" ind2="7" tag="785"><subfield code="t">Townsend times</subfield><subfield code="w">(DLC)sn 89063378</subfield></datafield><datafield ind1="0" ind2="7" tag="785"><subfield code="t">Times-free press (Pepperell, Mass.)</subfield><subfield code="w">(DLC)sn 88000819</subfield></datafield><datafield ind1="1" ind2=" " tag="029"><subfield code="a">AU@</subfield><subfield code="b">000025850911</subfield></datafield></record>